@incollection{altomare2008a,
	author = {Angela Altomare and Carmelo Giacovazzo and Anna Moliterni},
	title = {Indexing and Space Group Determination},
	type = {M},
	editor = {Robert E. Dinnebier and Simon J. L. Billinge},
	booktitle = {Powder Diffraction Theory and Practice},
	year = {2008},
	pages = {206-226},
	location = {Cambridge},
	publisher = {Royal Society of Chemistry},
	language = {english},
}

@article{altomare2008b,
	author = {Angela Altomare and Rocco Caliandro and Corrado Cuocci and Carmelo Giacovazzo and Anna Grazia Giuseppina Moliterni and Rosanna Rizzi and Cyril Platteau},
	title = {Direct methods and simulated annealing: a hybrid approach for powder diffraction data},
	type = {J},
	journal = {J. Appl. Cryst.},
	year = {2008},
	volume = {41},
	number = {1},
	pages = {56-61},
	eid = {\printtext[doi]{10.1107/S0021889807054192}},
	language = {english},
}

@article{altomare2013,
	author = {A. Altomare and C. Cuocci and C. Giacovazzo and A. Moliterni and R. Rizzi and N. Corriero and A. Falcicchio},
	title = {EXPO2013: a kit of tools for phasing crystal structures from powder data},
	type = {J},
	journal = {J. Appl. Cryst.},
	year = {2013},
	volume = {46},
	number = {4},
	pages = {1231-1235},
	eid = {\printtext[doi]{10.1107/S0021889813013113}},
	language = {english},
}

@article{andreev1997,
	author = {Yu. G. Andreev and P. Lightfoot and P. G. Bruce},
	title = {A General Monte Carlo Approach to Structure Solution from Powder Diffraction Data: Application to Poly(ethylene oxide)\textsubscript{2}:\ce{LiN(SO3CF3)2}},
	type = {J},
	journal = {J. Appl. Cryst.},
	year = {1997},
	volume = {30},
	number = {3},
	pages = {294-305},
	eid = {\printtext[doi]{10.1107/S0021889896013556}},
	language = {english},
}

@article{aroyo2006,
	author = {M. I. Aroyo and J. M. Perez-Mato and C. Capillas and E. Kroumova and S. Ivantchev and G. Madariaga and A. Kirov and H. Wondratschek},
	title = {Bilbao Crystallographic Server I: Databases and crystallographic computing programs},
	type = {J},
	journal = {Z. Kristallog.},
	year = {2006},
	volume = {221},
	number = {1},
	pages = {15-27},
	eid = {\printtext[doi]{10.1524/zkri.2006.221.1.15}},
	language = {english},
}

@online{attfield1999,
	author = {M. Attfield and P. Barnes and J. K. Cockcroft and H. Driessen},
	title = {Molecular Geometry: I. Interatomic Distances \& Bond Lengths},
	type = {M/OL},
	year = {1999},
	url = {http://pd.chem.ucl.ac.uk/pdnn/refine2/bonds.htm},
	urldate = {2018-06-28},
	language = {english},
}

@article{baerlocher2007,
	author = {Christian Baerlocher and Fabian Gramm and Lars Massüger and Lynne B. McCusker and Zhan-Bing He and Sven Hovmöller and Xiao-Dong Zou},
	title = {Structure of the Polycrystalline Zeolite Catalyst IM-5 Solved by Enhanced Charge Flipping},
	type = {J},
	journal = {J. Appl. Cryst.},
	year = {2007},
	volume = {315},
	number = {5815},
	pages = {1113-1116},
	eid = {\printtext[doi]{10.1126/science.1137920}},
	language = {english},
}

@book{berg2008,
	author = {Mark de Berg and Otfried Cheong and Marc van Kreveld and Mark Overmars},
	title = {Computational Geometry: Algorithms and Applications},
	edition = {3},
	type = {M},
	year = {2008},
	location = {Berlin},
	publisher = {Springer},
	language = {english},
}

@book{bryant2011,
	author = {R. E. Bryant and D. R. O'Hallaron},
	title = {Computer Systems: A Programmer's Perspective},
	edition = {2},
	type = {M},
	year = {2011},
	pages = {46},
	location = {Boston},
	publisher = {Pearson},
	language = {english},
}

@article{bushmarinov2012,
	author = {I. S. Bushmarinov and A. O. Dmitrienko and A. A. Korlyukova and M. Yu. Antipina},
	title = {Rietveld refinement and structure verification using `Morse' restraints},
	type = {J},
	journal = {J. Appl. Cryst.},
	year = {2012},
	volume = {45},
	number = {6},
	pages = {1187-1197},
	eid = {\printtext[doi]{10.1107/S0021889812044147}},
	language = {english},
}

@article{cao1936,
	author = {曹禺},
	title = {我如何写《雷雨》},
	type = {N},
	journal = {大公报·文艺},
	date = {1936-01-19},
	language = {chinese},
}

@article{caroli2016,
	author = {Manuel Caroli and Monique Teillaud},
	title = {Delaunay Triangulations of Closed Euclidean $d$-Orbifolds},
	type = {J},
	journal = {Discrete Comput. Geom.},
	year = {2016},
	volume = {55},
	number = {4},
	pages = {827-853},
	eid = {\printtext[doi]{10.1007/s00454-016-9782-6}},
	language = {english},
}

@article{cerny2007,
	author = {R. Černý and V. Favre-Nicolin},
	title = {Direct space methods of structure determination from powder diffraction: principles, guidelines and perspectives},
	type = {J},
	journal = {Z. Kristallog.},
	year = {2007},
	volume = {222},
	number = {3/4},
	pages = {105-113},
	eid = {\printtext[doi]{10.1524/zkri.2007.222.3-4.105}},
	language = {english},
}

@book{choquet2009,
	author = {G. 肖盖},
	translator = {史树中 and 王耀东},
	title = {拓扑学教程：拓扑空间和距离空间、数值函数、拓扑向量空间},
	edition = {2},
	type = {M},
	year = {2009},
	pages = {26},
	location = {北京},
	publisher = {高等教育出版社},
	language = {chinese},
}

@article{chu1999,
	author = {K.-W. Chu and Y.-F. Deng and J. Reinitz},
	title = {Parallel Simulated Annealing by Mixing of States},
	type = {J},
	journal = {J. Comput. Phys.},
	year = {1999},
	volume = {148},
	number = {2},
	pages = {646-662},
	eid = {\printtext[doi]{10.1006/jcph.1998.6134}},
	language = {english},
}

@article{cooper2010,
	author = {Richard I. Cooper and Amber L. Thompson and David J. Watkin},
	title = {CRYSTALS enhancements: dealing with hydrogen atoms in refinement},
	type = {J},
	journal = {J. Appl. Cryst.},
	year = {2010},
	volume = {43},
	number = {5},
	pages = {1100-1107},
	eid = {\printtext[doi]{10.1107/S0021889810025598}},
	language = {english},
}

@article{cordero2008,
	author = {Beatriz Cordero and Veronica Gomez and Ana E. Platero-Prats and Marc Reves and Jorge Echeverrıa and Eduard Cremades and Flavia Barragan and Santiago Alvarez},
	title = {Covalent radii revisited},
	type = {J},
	journal = {Dalton Trans.},
	year = {2008},
	volume = {37},
	number = {21},
	pages = {2832-2838},
	eid = {\printtext[doi]{10.1039/b801115j}},
	language = {english},
}

@book{cormen2009,
	author = {Thomas H. Cormen and Charles E. Leiserson and Ronald L. Rivest and Clifford Stein},
	title = {Introduction to Algorithms},
	edition = {3},
	type = {M},
	year = {2009},
	location = {Cambridge, MA},
	publisher = {MIT Press},
	language = {english},
}

@online{correges2016,
	author = {Adrian Courrèges},
	title = {DOOM (2016) -- Graphics Study},
	type = {EB/OL},
	date = {2016-09-09},
	url = {https://www.adriancourreges.com/blog/2016/09/09/doom-2016-graphics-study/},
	urldate = {2018-07-03},
	language = {english},
}

@book{david2002,
	editor = {W. I. F. David and K. Shankland and L. B. McCusker and C. Baerlocher},
	title = {IUCr Monographs on Crystallography, Volume 13: Structure Determination from Powder Diffraction Data},
	type = {M},
	year = {2002},
	location = {Oxford},
	publisher = {Oxford University Press},
	language = {english},
}

@article{david2006,
	author = {W. I. F. David and K. Shankland and J. van de Streek and E. Pidcock and W. D. S. Motherwell and J. C. Cole},
	title = {DASH: a program for crystal structure determination from powder diffraction data},
	type = {J},
	journal = {J. Appl. Cryst.},
	year = {2006},
	volume = {39},
	number = {6},
	pages = {910-915},
	eid = {\printtext[doi]{10.1107/S0021889806042117}},
	language = {english},
}

@incollection{dean2004,
	author = {Jeffrey Dean and Sanjay Ghemawat},
	title = {MapReduce: Simplified Data Processing on Large Clusters},
	type = {C},
	editor = {Eric A. Brewer and Peter Chen},
	booktitle = {6th Symposium on Operating System Design and Implementation (OSDI 2004)},
	year = {2004},
	pages = {137-150},
	location = {San Francisco},
	publisher = {USENIX Association},
	language = {english},
}

@article{deng2009,
	author = {Xiao-Di Deng and Cheng Dong},
	title = {SMEPOC: a computer program for the automatic generation of trial structural models for inorganic compounds with symmetry restriction},
	type = {J},
	journal = {J. Appl. Cryst.},
	year = {2009},
	volume = {42},
	number = {5},
	pages = {953-958},
	eid = {\printtext[doi]{10.1107/S0021889809034062}},
	language = {english},
}

@article{deng2011,
	author = {Xiao-Di Deng and Cheng Dong},
	title = {EPCryst: a computer program for solving crystal structures from powder diffraction data},
	type = {J},
	journal = {J. Appl. Cryst.},
	year = {2011},
	volume = {44},
	number = {1},
	pages = {230-237},
	eid = {\urlstyle{sloppy}\printtext[doi]{10.1107/S0021889810053835}},
	language = {english},
}

@book{dodson1991,
	author = {C. T. J. Dodson and T. Poston},
	title = {Graduate Texts in Mathematics, Volume 130: Tensor Geometry, the Geometric Viewpoint and Its Uses},
	type = {M},
	year = {1991},
	location = {Berlin},
	publisher = {Springer},
	language = {english},
}

@article{downs2003,
	author = {R. T. Downs and M. Hall-Wallace},
	title = {The American Mineralogist Crystal Structure Database},
	type = {J},
	journal = {Am. Mineral.},
	year = {2003},
	volume = {88},
	number = {1},
	pages = {247-250},
	language = {english},
}

@book{engel1986,
	author = {Peter Engel},
	title = {Geometric Crystallography: An Axiomatic Introduction to Crystallography},
	type = {M},
	year = {1986},
	pages = {46-50},
	location = {Dodrecht},
	publisher = {D. Reidel Publishing Company},
	language = {english},
}

@article{eremenko2017,
	author = {M. Eremenko and V. Krayzman and A. Gagin and I. Levin},
	title = {Advancing reverse Monte Carlo structure refinements to the nanoscale},
	type = {J},
	journal = {J. Appl. Cryst.},
	year = {2017},
	volume = {50},
	number = {6},
	pages = {1561-1570},
	eid = {\printtext[doi]{10.1107/S1600576717013140}},
	language = {english},
}

@book{ericson2005,
	author = {C. Ericson},
	title = {Real-time Collision Detection},
	type = {M},
	year = {2005},
	location = {San Francisco},
	publisher = {Morgan Kaufmann Publishers},
	language = {english},
}

@article{falcioni1999,
	author = {M. Falcioni and M. W. Deem},
	title = {A biased Monte Carlo scheme for zeolite structure solution},
	type = {J},
	journal = {J. Chem. Phys.},
	year = {1999},
	volume = {110},
	number = {3},
	pages = {1754-1766},
	eid = {\printtext[eprint:arxiv]{cond-mat/9809085}},
	language = {english},
}

@article{favre2002,
	author = {V. Favre-Nicolin and R. Černý},
	title = {FOX, `free objects for crystallography': a modular approach to ab initio structure determination from powder diffraction},
	type = {J},
	journal = {J. Appl. Cryst.},
	year = {2002},
	volume = {35},
	number = {6},
	pages = {734-743},
	eid = {\printtext[doi]{10.1107/S0021889802015236}},
	language = {english},
}

@article{feldman1979,
	author = {S. I. Feldman},
	title = {Make -- a program for maintaining computer programs},
	type = {J},
	journal = {Softw.: Pract. Exper.},
	year = {1979},
	volume = {9},
	number = {4},
	pages = {255-265},
	eid = {\printtext[doi]{10.1002/spe.4380090402}},
	language = {english},
}

@incollection{giacovazzo2001,
	author = {C. Giacovazzo},
	title = {Direct methods},
	type = {M},
	editor = {U. Shmueli},
	booktitle = {International Tables for Crystallography, Volume B: Reciprocal space},
	edition = {3},
	year = {2001},
	pages = {210-234},
	location = {Dordrecht},
	publisher = {Kluwer Academic Publishers},
	language = {english},
}

@article{grudinin2010,
	author = {S. Grudinin and S. Redon},
	title = {Practical modeling of molecular systems with symmetries},
	type = {J},
	journal = {J. Comput. Chem.},
	year = {2010},
	volume = {31},
	number = {9},
	pages = {1799-1814},
	eid = {\printtext[doi]{10.1002/jcc.21434}},
	language = {english},
}

@article{higham1993,
	author = {Nicholas J. Higham},
	title = {The Accuracy of Floating Point Summation},
	type = {J},
	journal = {SIAM J. Sci. Comput.},
	year = {1993},
	volume = {14},
	number = {4},
	pages = {783-799},
	eid = {\printtext[doi]{10.1137/0914050}},
	language = {english},
}

@article{hoare1981,
	author = {C. A. R. Hoare},
	title = {The Emperor's Old Clothes},
	type = {J},
	journal = {Commun. ACM},
	year = {1981},
	volume = {24},
	number = {2},
	pages = {75-83},
	eid = {\printtext[doi]{10.1145/358549.358561}},
	language = {english},
}

@article{iucr1992,
	author = {{International Union of Crystallography}},
	shortauthor = {IUCr},
	title = {Report of the Executive Committee for 1991},
	type = {J},
	journal = {Acta Cryst.},
	year = {1992},
	volume = {A48},
	number = {6},
	pages = {922-946},
	eid = {\printtext[doi]{10.1107/S0108767392008328}},
	language = {english},
}

@article{kahan1965,
	author = {W. Kahan},
	title = {Further Remarks on Reducing Truncation Errors},
	type = {J},
	journal = {Commun. ACM},
	year = {1965},
	volume = {8},
	number = {1},
	pages = {40},
	eid = {\printtext[doi]{10.1145/363707.363723}},
	language = {english},
}

@book{knuth1998,
	author = {D. E. Knuth},
	title = {The Art of Computer Programming, Volume 3: Sorting and Searching},
	edition = {2},
	type = {M},
	year = {1998},
	location = {Reading, MA},
	publisher = {Addison-Wesley},
	language = {english},
}

@online{kshirsagar2015,
	author = {Shrikant Kshirsagar},
	title = {\texttt{CVP.cpp}},
	type = {CP/OL},
	year = {2015},
	eid = {\urlstyle{sloppy}\url{https://github.com/krishkshir/crystalLattice/blob/master/CVP.cpp}},
	urldate = {2018-06-28},
	language = {english},
}

@report{lam1988,
	author = {J. Lam and J.-M. Delosme},
	title = {An Efficient Simulated Annealing Schedule: Implementation and Evaluation},
	edition = {Tech. Rep. 8817},
	type = {R},
	year = {1988},
	location = {New Haven, CT},
	publisher = {Department of Electrical Engineering, Yale University},
	language = {english},
}

@book{levin2008,
	author = {D. A. Levin and Y. Peres and E. L. Wilmer},
	title = {Markov Chains and Mixing Times},
	type = {M},
	year = {2008},
	pages = {47-48},
	location = {Providence, RI},
	publisher = {American Mathematical Society},
	language = {english},
}

@article{li2012,
	author = {Y. Li and J.-H. Yu and R.-R. Xu},
	title = {FraGen: a computer program for real-space structure solution of extended inorganic frameworks},
	type = {J},
	journal = {J. Appl. Cryst.},
	year = {2012},
	volume = {45},
	number = {4},
	pages = {855-861},
	eid = {\printtext[doi]{10.1107/S002188981201878X}},
	language = {english},
}

@book{liang2011,
	author = {梁敬魁},
	title = {粉末衍射法测定晶体结构},
	edition = {2},
	type = {M},
	year = {2011},
	pages = {258-305},
	location = {北京},
	publisher = {科学出版社},
	language = {chinese},
}

@article{liu2017,
	author = {Yu Liu},
	title = {Real-time detection and resolution of atom bumping in crystallographic models},
	type = {J},
	journal = {Acta Cryst.},
	year = {2017},
	volume = {A73},
	number = {5},
	pages = {414-422},
	eid = {\printtext[eprint:arxiv]{1708.03180}},
	language = {english},
}

@article{liu2018,
	author = {Yu Liu},
	title = {decryst: an efficient software suite for structure determination from powder diffraction},
	type = {J},
	journal = {J. Appl. Cryst.},
	year = {2018},
	volume = {51},
	number = {4},
	pages = {1237-1243},
	eid = {\printtext[eprint:arxiv]{1801.08372}},
	language = {english},
}

@article{lou2016,
	author = {Zhi-Hao Lou and John Reinitz},
	title = {Parallel simulated annealing using an adaptive resampling interval},
	type = {J},
	journal = {Parallel Comput.},
	year = {2016},
	volume = {53},
	pages = {23-31},
	eid = {\printtext[doi]{10.1016/j.parco.2016.02.001}},
	language = {english},
}

@article{lu1965,
	author = {陆学善 and 梁敬魁},
	title = {\ce{V2Ga5} 的晶体结构},
	type = {J},
	journal = {物理学报},
	year = {1965},
	volume = {21},
	number = {5},
	pages = {997-1007},
	eid = {\printtext[doi]{10.7498/aps.21.997}},
	language = {chinese},
}

@article{ma2004,
	author = {H.-W. Ma and J.-K. Liang and G.-Y. Liu and G.-H. Rao},
	title = {UACIEM: A new method to extract reliable intensities of nonequivalent systematical overlapping reflections from powder diffraction data},
	type = {J},
	journal = {Powder Diffr.},
	year = {2004},
	volume = {19},
	number = {4},
	pages = {333-339},
	eid = {\printtext[doi]{10.1154/1.1814979}},
	language = {english},
}

@book{micciancio2002,
	author = {D. Micciancio and S. Goldwasser},
	title = {Complexity of Lattice Problems: A Cryptographic Perspective},
	type = {M},
	year = {2002},
	location = {Boston},
	publisher = {Kluwer Academic Publishers},
	language = {english},
}

@incollection{micciancio2009,
	author = {Daniele Micciancio and Oded Regev},
	title = {Lattice-based Cryptography},
	type = {M},
	editor = {D. J. Bernstein and J. Buchmann and E. Dahmen},
	booktitle = {Post-Quantum Cryptography},
	year = {2009},
	pages = {147-191},
	location = {Berlin},
	publisher = {Springer-Verlag},
	language = {english},
}

@article{palatinus2013,
	author = {Lukáš Palatinus},
	title = {The charge flipping algorithm in crystallography},
	type = {J},
	journal = {Acta Cryst.},
	year = {2013},
	volume = {B69},
	number = {1},
	pages = {1-16},
	eid = {\printtext[doi]{10.1107/S2052519212051366}},
	language = {english},
}

@book{pecharsky2009,
	author = {Vitalij K. Pecharsky and Peter Y. Zavalij},
	title = {Fundamentals of Powder Diffraction and Structural Characterization of Materials},
	edition = {2},
	type = {M},
	year = {2009},
	location = {New York},
	publisher = {Springer},
	language = {english},
}

@online{preshing2012,
	author = {Jeff Preshing},
	title = {A Look Back at Single-Threaded CPU Performance},
	type = {EB/OL},
	date = {2012-02-08},
	url = {https://preshing.com/20120208/a-look-back-at-single-threaded-cpu-performance/},
	urldate = {2018-07-18},
	language = {english},
}

@book{prince2004,
	editor = {E. Prince},
	title = {International Tables for Crystallography Volume C: Mathematical, physical and chemical tables},
	edition = {3},
	type = {M},
	year = {2004},
	location = {Dordrecht},
	publisher = {Kluwer Academic Publishers},
	language = {english},
}

@article{reddy1965,
	author = {J. M. Reddy and A. R. Storm and K. Knox},
	title = {The crystal structure of \ce{V2Ga5}},
	type = {J},
	journal = {Z. Kristallog.},
	year = {1965},
	volume = {121},
	number = {6},
	pages = {441-448},
	eid = {\printtext[doi]{10.1524/zkri.1965.121.16.441}},
	language = {english},
}

@article{rietveld1969,
	author = {H. M. Rietveld},
	title = {A profile refinement method for nuclear and magnetic structures},
	type = {J},
	journal = {J. Appl. Cryst.},
	year = {1969},
	volume = {2},
	number = {2},
	pages = {65-71},
	eid = {\printtext[doi]{10.1107/S0021889869006558}},
	language = {english},
}

@book{robbins2005,
	author = {Arnold Robbins and Nelson Beebe},
	title = {Classic Shell Scripting},
	type = {M},
	year = {2005},
	location = {Sebastopol, CA},
	publisher = {O'Reilly},
	language = {english},
}

@article{rodriguez2001,
	author = {J. Rodríguez-Carvajal},
	title = {Recent developments of the program FullProf},
	type = {J},
	journal = {Commission on Powder Diffraction Newsletters},
	year = {2001},
	volume = {26},
	pages = {12-19},
	language = {english},
}

@incollection{rossmann2001,
	author = {M. G. Rossmann and E. Arnold},
	title = {Patterson and molecular-replacement techniques},
	type = {M},
	editor = {U. Shmueli},
	booktitle = {International Tables for Crystallography, Volume B: Reciprocal space},
	edition = {3},
	year = {2001},
	pages = {235-263},
	location = {Dordrecht},
	publisher = {Kluwer Academic Publishers},
	language = {english},
}

@book{salus1994,
	author = {Peter H. Salus},
	title = {A Quarter Century of Unix},
	type = {M},
	year = {1994},
	pages = {52},
	location = {Reading, MA},
	publisher = {Addison-Wesley},
	language = {english},
}

@article{shankland1997,
	author = {K. Shankland and W. I. F. David and T. Csoka},
	title = {Crystal structure determination from powder diffraction data by the application of a genetic algorithm},
	type = {J},
	journal = {Z. Kristallog.},
	year = {1997},
	volume = {212},
	number = {8},
	pages = {550-552},
	eid = {\printtext[doi]{10.1524/zkri.1997.212.8.550}},
	language = {english},
}

@article{shannon1976,
	author = {R. D. Shannon},
	title = {Revised effective ionic radii and systematic studies of interatomic distances in halides and chalcogenides},
	type = {J},
	journal = {Acta Cryst.},
	year = {1969},
	volume = {A32},
	number = {5},
	pages = {751-767},
	eid = {\printtext[doi]{10.1107/S0567739476001551}},
	language = {english},
}

@article{shechtman1984,
	author = {D. Shechtman and I. Blech and D. Gratias and J. W. Cahn},
	title = {Metallic Phase with Long-Range Orientational Order and No Translational Symmetry},
	type = {J},
	journal = {Phys. Rev. Lett.},
	year = {1984},
	volume = {53},
	number = {20},
	pages = {1951-1953},
	eid = {\printtext[doi]{10.1103/PhysRevLett.53.1951}},
	language = {english},
}

@online{sheldrick2010,
	author = {G. M. Sheldrick},
	title = {Some crystallographic algorithms},
	year = {2010},
	url = {http://shelx.uni-ac.gwdg.de/SHELX/cryst-alg.pdf},
	type = {M/OL},
	urldate = {2018-06-28},
	language = {english},
}

@article{spek2003,
	author = {A. L. Spek},
	title = {Single-crystal structure validation with the program PLATON},
	type = {J},
	journal = {J. Appl. Cryst.},
	year = {2003},
	volume = {36},
	number = {1},
	pages = {7-13},
	eid = {\printtext[doi]{10.1107/S0021889802022112}},
	language = {english},
}

@article{tange2011,
	author = {O. Tange},
	title = {GNU Parallel: The Command-Line Power Tool},
	type = {J},
	journal = {;login: The USENIX Magazine},
	year = {2011},
	volume = {36},
	number = {1},
	pages = {42-47},
	language = {english},
}

@book{thompson1972,
	author = {K. Thompson and D. M. Ritchie},
	title = {Unix Programmer's Manual},
	edition = {2},
	type = {M},
	year = {1972},
	pages = {ii},
	location = {Murray Hill, NJ},
	publisher = {Bell Telephone Laboratories, Inc.},
	language = {english},
}

@article{wang2012,
	author = {Yan-Chao Wang and Jian Lv and Li Zhu and Yan-Ming Ma},
	title = {CALYPSO: A method for crystal structure prediction},
	type = {J},
	journal = {Comput. Phys. Commun.},
	year = {2012},
	volume = {183},
	number = {10},
	pages = {2063-2070},
	eid = {\printtext[doi]{10.1016/j.cpc.2012.05.008}},
	language = {english},
}

@book{wolfson1997,
	author = {M. M. Wolfson},
	title = {An Introduction to X-Ray Crystallography},
	edition = {2},
	type = {M},
	year = {1997},
	pages = {231},
	location = {Cambridge},
	publisher = {Cambridge University Press},
	language = {english},
}

@book{zhong2003,
	author = {钟锡华},
	title = {现代光学基础},
	type = {M},
	year = {2003},
	pages = {66},
	location = {北京},
	publisher = {北京大学出版社},
	language = {chinese},
}

% vim:ts=4:sw=4
